<?xml version="1.0" encoding="UTF-8"?><record xmlns="http://www.loc.gov/MARC21/slim" xmlns:cinclude="http://apache.org/cocoon/include/1.0" xmlns:zs="http://www.loc.gov/zing/srw/">
  <leader>00516cz  a2200145n  4500</leader>
  <controlfield tag="001">no2007150584</controlfield>
  <controlfield tag="003">DLC</controlfield>
  <controlfield tag="005">20130326113006.0</controlfield>
  <controlfield tag="008">071206n| azannaabn          |n aaa     c</controlfield>
  <datafield tag="010" ind1=" " ind2=" ">
    <subfield code="a">no2007150584</subfield>
  </datafield>
  <datafield tag="035" ind1=" " ind2=" ">
    <subfield code="a">(OCoLC)oca07601399</subfield>
  </datafield>
  <datafield tag="040" ind1=" " ind2=" ">
    <subfield code="a">OBgU-MA</subfield>
    <subfield code="b">eng</subfield>
    <subfield code="e">rda</subfield>
    <subfield code="c">OBgU-MA</subfield>
    <subfield code="d">DLC</subfield>
  </datafield>
  <datafield tag="100" ind1="1" ind2=" ">
    <subfield code="a">Sheridan, Lee</subfield>
    <subfield code="c">(Musician)</subfield>
  </datafield>
  <datafield tag="670" ind1=" " ind2=" ">
    <subfield code="a">Brotherhood of Man (Musical group). Oh boy [SR] 1977:</subfield>
    <subfield code="b">label (Lee Sheridan, arranger-conductor)</subfield>
  </datafield>
  <datafield tag="675" ind1=" " ind2=" ">
    <subfield code="a">All music guide WWW site;</subfield>
    <subfield code="a">Encyc. of pop. mus.;</subfield>
    <subfield code="a">Faber comp. to 20th cent. pop. mus.</subfield>
  </datafield>
</record>